@article{dewald2012developing,
  title={Developing the Recoil Distance Doppler-Shift technique towards a versatile tool for lifetime measurements of excited nuclear states},
  author={Dewald, A and M{\"o}ller, O and Petkov, P},
  journal={Progress in Particle and Nuclear Physics},
  volume={67},
  number={3},
  pages={786--839},
  year={2012},
  publisher={Elsevier}
}
@article{bohm1993differential,
  title={The differential decay curve method for the analysis of Doppler shift timing experiments},
  author={B{\"o}hm, G and Dewald, A and Petkov, P and Von Brentano, P},
  journal={Nuclear Instruments and Methods in Physics Research Section A: Accelerators, Spectrometers, Detectors and Associated Equipment},
  volume={329},
  number={1-2},
  pages={248--261},
  year={1993},
  publisher={Elsevier}
}
@article{orce2012reorientation,
  title={Reorientation-effect measurement of the< 2 1+∥ E 2 ̂∥ 2 1+> matrix element in 10 Be},
  author={Orce, JN and Drake, TE and Djongolov, MK and Navr{\'a}til, P and Triambak, S and Ball, GC and Al Falou, H and Churchman, R and Cross, DS and Finlay, P and others},
  journal={Physical Review C},
  volume={86},
  number={4},
  pages={041303},
  year={2012},
  publisher={APS}
}
@article{tarasov2016lise++,
  title={LISE++: Exotic beam production with fragment separators and their design},
  author={Tarasov, OB and Bazin, D},
  journal={Nuclear Instruments and Methods in Physics Research Section B: Beam Interactions with Materials and Atoms},
  volume={376},
  pages={185--187},
  year={2016},
  publisher={Elsevier}
}

@article{shima1982empirical,
  title={Empirical formula for the average equilibrium charge-state of heavy ions behind various foils},
  author={Shima, Kunihiro and Ishihara, Toyoyuki and Mikumo, Takashi},
  journal={Nuclear Instruments and Methods in Physics Research},
  volume={200},
  number={2-3},
  pages={605--608},
  year={1982},
  publisher={Elsevier}
}
@phdthesis{saren,
author       = {Jan Sarén}, 
  title        = {The ion-optical design of the MARA recoil separator and absolute transmission measurements of the RITU gas-filled recoil separator},
  school       = {University of Jyväskylä},
  year         = 2011,
  url          ={https://jyx.jyu.fi/handle/123456789/40107}
}
@article{nikolaev1968equilibrium,
  title={On the equilibrium charge distribution in heavy element ion beams},
  author={Nikolaev, VS and Dmitriev, IS},
  journal={Physics Letters A},
  volume={28},
  number={4},
  pages={277--278},
  year={1968},
  publisher={Elsevier}
}
@misc{eronen_lectures,
author  = {Tommi Eronen},
title   = {Laser and Traps in Nuclear Physics Studies , FYSS3552},
year    = 2021,
howpublished = {Lecture notes}
}
@article{paul1958elektrische,
  title={Das elektrische massenfilter als massenspektrometer und isotopentrenner},
  author={Paul, Wolfgang and Reinhard, HP and Von Zahn, U},
  journal={Zeitschrift f{\"u}r Physik},
  volume={152},
  number={2},
  pages={143--182},
  year={1958},
  publisher={Springer}
}
@article{plass2013multiple,
  title={Multiple-reflection time-of-flight mass spectrometry},
  author={Pla{\ss}, Wolfgang R and Dickel, Timo and Scheidenberger, Christoph},
  journal={International Journal of Mass Spectrometry},
  volume={349},
  pages={134--144},
  year={2013},
  publisher={Elsevier}
}
@article{eronen2008preparing,
  title={Preparing isomerically pure beams of short-lived nuclei at JYFLTRAP},
  author={Eronen, T and Elomaa, V-V and Hager, U and Hakala, J and Jokinen, A and Kankainen, A and Rahaman, S and Rissanen, J and Weber, C and {\"A}yst{\"o}, J},
  journal={Nuclear Instruments and Methods in Physics Research Section B: Beam Interactions with Materials and Atoms},
  volume={266},
  number={19-20},
  pages={4527--4531},
  year={2008},
  publisher={Elsevier}
}
@article{konig1995quadrupole,
  title={Quadrupole excitation of stored ion motion at the true cyclotron frequency},
  author={K{\"o}nig, M and Bollen, G and Kluge, H-J and Otto, T and Szerypo, J},
  journal={International Journal of Mass Spectrometry and Ion Processes},
  volume={142},
  number={1-2},
  pages={95--116},
  year={1995},
  publisher={Elsevier}
}
@article{ software_SRIM,
    author = "Ziegler, James F. and Ziegler, M.D. and Biersack, J.P.",
    title  = "{SRIM - The stopping and range of ions in matter }",
    doi    = "10.1016/j.nimb.2010.02.091",
    journal = "Nuclear Instruments and Methods in Physics Research Section B",
    volume = "268",
    issue  = "11-12",
    pages  = "1818-1823",
    year  =  "2010"
}
